<record><leader>00000cas a22000007a 4500</leader><controlfield tag="001">22933590</controlfield><controlfield tag="008">910108d18481849nhuuu ne      0    0eng d</controlfield><datafield ind1=" " ind2=" " tag="010"><subfield code="a">sn 90062609 </subfield></datafield><datafield ind1=" " ind2=" " tag="040"><subfield code="a">NVH</subfield><subfield code="b">eng</subfield><subfield code="c">NVH</subfield><subfield code="d">OCLCQ</subfield></datafield><datafield ind1="0" ind2=" " tag="130"><subfield code="a">Northern intelligencer (Claremont, N.H.)</subfield></datafield><datafield ind1="1" ind2="4" tag="245"><subfield code="a">The Northern intelligencer.</subfield></datafield><datafield ind1=" " ind2=" " tag="260"><subfield code="a">Claremont [N.H.] :</subfield><subfield code="b">J. Weber</subfield></datafield><datafield ind1=" " ind2=" " tag="300"><subfield code="a">v.</subfield></datafield><datafield ind1="1" ind2=" " tag="362"><subfield code="a">Began in 1848? Ceased in 1849?</subfield></datafield><datafield ind1=" " ind2=" " tag="588"><subfield code="a">Description based on: Vol. 1, no. 21 (Sept. 26, 1848).</subfield></datafield><datafield ind1=" " ind2=" " tag="752"><subfield code="a">United States</subfield><subfield code="b">New Hampshire</subfield><subfield code="c">Sullivan</subfield><subfield code="d">Claremont.</subfield></datafield><datafield ind1="0" ind2="0" tag="785"><subfield code="t">Northern advocate (Winchester, N.H.)</subfield><subfield code="w">(DLC)sn 84023693</subfield></datafield></record>